@ARTICLE{article_vak,
  author = {А. А. Автор and Б. Б. Автор},
  title = {Название},
  journal = {Журнал},
  year = {Год},
  number = {Номер},
  pages = {Стр1-Стр2},
  address = {Address},
  key = {RU},
  language = {russian}
}

@ARTICLE{article_scopus,
  author = {A. A. Author and B. B. Author},
  title = {Title},
  journal = {Journal},
  year = {Year},
  number = {Number},
  pages = {Page1-Page2},
  address = {Address},
  key = {RU},
  language = {english}
}