@ARTICLE{article_other,
  author = {C. C. OtherAuthor and D. D. OtherAuthor},
  title = {Title},
  journal = {Journal},
  year = {Year},
  number = {Number},
  pages = {Page1-Page2},
  address = {Address},
  key = {RU},
  language = {english}
}