@ARTICLE{article_scopus,
  author = {A. A. Author and B. B. Author},
  title = {Title},
  journal = {Journal},
  year = {Year},
  number = {Number},
  pages = {Page1-Page2 (\mbox{0.xx п.л.}, авторские \mbox{0.xx п.л.})},
  address = {Address},
  key = {RU},
  language = {english}
}