@ARTICLE{article_pub,
  author = {А. А. Автор and Б. Б. Автор},
  title = {Название},
  journal = {Журнал},
  year = {Год},
  number = {Номер},
  volume = {ТомНомер},
  pages = {Стр1-Стр2},
  key = {RU},
  language = {russian}
}