@ARTICLE{article_vak,
  author = {А. А. Автор and Б. Б. Автор},
  title = {Название},
  journal = {Журнал},
  year = {Год},
  number = {Номер},
  volume = {ТомНомер},
  pages = {Стр1-Стр2 (\mbox{0.xx п.л.}, авторские \mbox{0.xx п.л.})},
  key = {RU},
  language = {russian}
}